<record><leader>00000cas a22000007a 4500</leader><controlfield tag="001">25927194</controlfield><controlfield tag="008">920602d18801887tnuwr ne      0    0eng d</controlfield><datafield ind1=" " ind2=" " tag="010"><subfield code="a">sn 92050071 </subfield></datafield><datafield ind1=" " ind2=" " tag="040"><subfield code="a">ANU</subfield><subfield code="b">eng</subfield><subfield code="c">ANU</subfield><subfield code="d">TGN</subfield><subfield code="d">OCLCQ</subfield><subfield code="d">OCLCF</subfield><subfield code="d">OCLCO</subfield></datafield><datafield ind1=" " ind2=" " tag="042"><subfield code="a">msc</subfield></datafield><datafield ind1=" " ind2=" " tag="043"><subfield code="a">n-us-tn</subfield></datafield><datafield ind1="0" ind2="4" tag="245"><subfield code="a">The Weekly Memphis avalanche.</subfield></datafield><datafield ind1="1" ind2="3" tag="246"><subfield code="a">Weekly avalanche</subfield><subfield code="f">Aug. 12-Sept. 23, 1880</subfield></datafield><datafield ind1="3" ind2="0" tag="246"><subfield code="a">Memphis avalanche</subfield></datafield><datafield ind1=" " ind2=" " tag="260"><subfield code="a">Memphis, Tenn. :</subfield><subfield code="b">F.S. Nichols</subfield></datafield><datafield ind1=" " ind2=" " tag="300"><subfield code="a">v.</subfield></datafield><datafield ind1=" " ind2=" " tag="310"><subfield code="a">Weekly</subfield></datafield><datafield ind1="0" ind2=" " tag="362"><subfield code="a">Vol. 21, no. 31 (Aug. 12, 1880)-</subfield></datafield><datafield ind1="1" ind2=" " tag="362"><subfield code="a">Ceased in 1887.</subfield></datafield><datafield ind1=" " ind2="0" tag="651"><subfield code="a">Memphis (Tenn.)</subfield><subfield code="v">Newspapers.</subfield></datafield><datafield ind1=" " ind2="0" tag="651"><subfield code="a">Shelby County (Tenn.)</subfield><subfield code="v">Newspapers.</subfield></datafield><datafield ind1=" " ind2="7" tag="655"><subfield code="a">Newspapers.</subfield><subfield code="2">fast</subfield><subfield code="0">(OCoLC)fst01423814</subfield></datafield><datafield ind1=" " ind2="7" tag="651"><subfield code="a">Tennessee</subfield><subfield code="z">Memphis.</subfield><subfield code="2">fast</subfield><subfield code="0">(OCoLC)fst01204194</subfield></datafield><datafield ind1=" " ind2="7" tag="651"><subfield code="a">Tennessee</subfield><subfield code="z">Shelby County.</subfield><subfield code="2">fast</subfield><subfield code="0">(OCoLC)fst01209894</subfield></datafield><datafield ind1=" " ind2=" " tag="752"><subfield code="a">United States</subfield><subfield code="b">Tennessee</subfield><subfield code="c">Shelby</subfield><subfield code="d">Memphis.</subfield></datafield><datafield ind1="0" ind2=" " tag="775"><subfield code="t">Daily Memphis avalanche</subfield><subfield code="w">(DLC)sn 84024456</subfield></datafield><datafield ind1="0" ind2=" " tag="775"><subfield code="t">Memphis avalanche (Memphis, Tenn. : Daily : 1885)</subfield><subfield code="w">(DLC)sn 85033686</subfield></datafield><datafield ind1="0" ind2="0" tag="780"><subfield code="t">Memphis weekly avalanche</subfield><subfield code="w">(DLC)sn 84024450</subfield></datafield><datafield ind1="0" ind2="0" tag="785"><subfield code="t">Weekly avalanche (Memphis, Tenn.)</subfield><subfield code="w">(DLC)sn 92050063</subfield></datafield></record>